@inproceedings{TatebeOyanagi94,
  title={Efficient implementation of the multigrid preconditioned conjugate gradient method on distributed memory machines},
  author={Tatebe, O. and Oyanagi, Y.},
  booktitle={Supercomputing'94. Proceedings},
  pages={194--203},
  year={1994},
  organization={IEEE}
}

@inproceedings{sundar12,
  author = {Sundar, Hari and Biros, George and Burstedde, Carsten and Rudi, Johann and Ghattas, Omar and Stadler, Georg},
  title = {Parallel geometric-algebraic multigrid on unstructured forests of octrees},
  booktitle = {Proceedings of the International Conference on High Performance Computing, Networking, Storage and Analysis},
  series = {SC '12},
  year = {2012},
  isbn = {978-1-4673-0804-5},
  location = {Salt Lake City, Utah},
  pages = {43:1--43:11},
  articleno = {43},
  numpages = {11},
  url = {http://dl.acm.org/citation.cfm?id=2388996.2389055},
  acmid = {2389055},
  publisher = {IEEE Computer Society Press},
  address = {Los Alamitos, CA, USA},
} 






@Article{IPDPS14,
  author = 	 {Amir Gholaminejad and Dhairya Malhotra and Hari
                  Sundar and George Biros},
  title = 	 {{FFT}, {FMM}, or {M}ultigrid? {A} comparative study of
                  state-of-the-art {P}oisson solvers},
  journal = 	 {in preparation},
  year = 	 {2014},
  OPTkey = 	 {},
  OPTvolume = 	 {},
  OPTnumber = 	 {},
  OPTpages = 	 {},
  OPTmonth = 	 {},
  OPTnote = 	 {},
  OPTannote = 	 {}
}

@article{orszag80,
  title={Spectral methods for problems in complex geometries},
  author={Orszag, Steven A},
  journal={Journal of Computational Physics},
  volume={37},
  number={1},
  pages={70--92},
  year={1980},
  publisher={Elsevier}
}

@inproceedings{ptatin3d,
  title={pTatin3D: high-performance methods for long-term lithospheric dynamics},
  author={May, Dave A and Brown, Jed and Le Pourhiet, Laetitia},
  booktitle = {Proceedings of the International Conference on High Performance Computing, Networking, Storage and Analysis},
  series = {SC '14},
  year = {2014},
  location = {New Orleans, Louisiana},
  publisher = {IEEE Computer Society Press},
  address = {Los Alamitos, CA, USA},
} 
